@article{art:rif.1,
  author={C. Carstensen},
    title={A posteriori error estimate for the mixed finite element method},
   year={1997},
}